% Encoding: UTF-8

@Electronic{Nakamoto2008,
  author = {Satoshi Nakamoto},
  title  = {Bitcoin: A Peer-to-Peer Electronic Cash System},
  year   = {2008},
  url    = {https://bitcoin.org/bitcoin.pdf},
}

@Electronic{Verzekeruzelf.nl,
  author = {Verzekeruzelf.nl},
  title  = {Wat is een verzekeringsagent},
  url    = {https://www.verzekeruzelf.nl/begrippenlijst/verzekeringsagent},
}

@Electronic{verzekeringen.com2015,
  author = {verzekeringen.com},
  title  = {Lichaamsdelen verzekeren? 10 Beroemdheden en hun lucratieve lichaam},
  year   = {2015},
  url    = {https://www.verzekeringen.com/nieuws/lichaamsdelen-verzekeren-10-beroemdheden},
}

@Electronic{BFOverplichteVerzekeringen,
  author = {Belgische Federale Overheid},
  title  = {Verplichte en facultatieve verzekeringen},
  url    = {http://economie.fgov.be/nl/consument/Verzekering/Contrat_assurance/verplichte_en_facultatieve_verzekeringen/#.WkjsD1Q-dE4},
}

@Electronic{BFOverzekeringen,
  author = {Belgische Federale Overheid},
  title  = {Verzekering},
  url    = {http://economie.fgov.be/nl/consument/Verzekering/#.Wkj3TVQ-dE5},
}

@Electronic{Bitcoinmining.com,
  author = {Bitcoinmining.com},
  title  = {Bitcoin Mining Guide - Getting started with Bitcoin mining},
  url    = {https://www.bitcoinmining.com/getting-started/},
}

@WWW{Mazieres,
  author = {David Mazieres},
  title  = {The Stellar Consensus Protocol: A Federated Model for Internet-level Consensus},
  url    = {https://www.stellar.org/papers/stellar-consensus-protocol.pdf},
}

@WWW{Kravchenko2016,
  author = {Pavel Kravchenko},
  title  = {Ok, I need a blockchain, but which one?},
  date   = {2017-09-26},
  url    = {https://medium.com/@pavelkravchenko/ok-i-need-a-blockchain-but-which-one-ca75c1e2100},
}

@WWW{Fisher2017,
  author = {Tim Fisher},
  title  = {What Is SHA-x?},
  year   = {2017},
  date   = {2017-10-30},
  url    = {https://www.lifewire.com/what-is-sha-1-2626011},
}

@WWW{Buterin2013,
  author = {Vitalik Buterin},
  title  = {What Proof of Stake Is And Why It Matters},
  year   = {2013},
  date   = {2013-08-26},
  url    = {https://bitcoinmagazine.com/articles/what-proof-of-stake-is-and-why-it-matters-1377531463/},
}

@WWW{Stellar2015,
  author = {Stellar},
  title  = {On Worldwide Consensus},
  year   = {2015},
  date   = {2015-04-08},
  url    = {https://medium.com/a-stellar-journey/on-worldwide-consensus-359e9eb3e949},
}

@WWW{Chandrayan2017,
  author = {Pramod Chandrayan},
  title  = {Blockchain Technology Part 2 : Smart Contract Fundamentals},
  year   = {2017},
  date   = {2017-08-30},
  url    = {https://codeburst.io/blockchain-technology-part-2-smart-contract-fundamentals-d243e2311f94},
}

@WWW{blockgeeks,
  author = {blockgeeks},
  title  = {Afbeelding van pow vs pos},
  url    = {blockgeeks.com},
}

@WWW{blockchain.info,
  author = {blockchain.info},
  title  = {Blockchain Platform},
  url    = {https://blockchain.info/},
}

@WWW{pwc.com,
  author = {pwc.com},
  title  = {Blockchain infographic},
  url    = {http://usblogs.pwc.com/emerging-technology/wp-content/uploads/2016/11/blockchain-infographic.0.png},
}

@WWW{99bitcoins,
  author = {99bitcoins},
  title  = {Werking van multi-sig},
  url    = {99bitcoins.com},
}

@WWW{Itweb,
  author = {Itweb},
  title  = {Grafisch voorbeeld smartcontracting},
  url    = {www.itweb.co.za},
}

@Comment{jabref-meta: databaseType:biblatex;}
